\begin{comment}
@article{leino2017accessible,
  title={Accessible Software Verification with {Dafny}},
  author={Leino, K Rustan M},
  journal={IEEE Software},
  volume={34},
  number={6},
  pages={94--97},
  year={2017},
  publisher={IEEE}
}

@inproceedings{debugBoogie,
  title={The {Boogie} Verification Debugger (Tool Paper)},
  author={Le Goues, Claire and Leino, K Rustan M and Moskal, Micha{\l}},
  booktitle={International Conference on Software Engineering and Formal Methods},
  pages={407--414},
  year={2011},
  organization={Springer}
}

@article{calculus,
  title={{Instrumenting a Weakest Precondition Calculus for Counterexample Generation}},
  author={Dailler, Sylvain and Hauzar, David and March{\'e}, Claude and Moy, Yannick},
  journal={Journal of logical and algebraic methods in programming},
  volume={99},
  pages={97--113},
  year={2018},
  publisher={Elsevier}
}

@article{debug,
  title={{Reversible Debugging Software}},
  author={Britton, Tom and Jeng, Lisa and Carver, Graham and Cheak, Paul and Katzenellenbogen, Tomer},
  journal={Technical report, University of Cambridge,
Judge Business School},
  year={2013},
  publisher={Citeseer}
}

@mastersthesis{thesis,
  title={{Visual Studio Code Integration for the Dafny Language and Programm Verifier}},
  author={Krucker, Rafael and Schaden, Markus},
  type={Bachelor's thesis},
  year={2017},
  school={HSR Hochschule f{\"u}r Technik Rapperswil}
}

@mastersthesis{redesign,
  title={{Dafny Language Server Redesign}},
  author={Hess, Marcel and Kistler, Thomas},
  type={Term project},
  year={2019},
  school={HSR Hochschule f{\"u}r Technik Rapperswil}
}

@inproceedings{apr2021,
  title={{More Reliable Test Suites for Dynamic APR by using Counterexamples}},
  author={Nilizadeh, Amirfarhad and Calvo, Marlon and Leavens, Gary T and Le, Xuan-Bach D},
  booktitle={IEEE 32nd International Symposium on Software Reliability Engineering (ISSRE)},
  year={2021},
  note={to appear}
}

@inproceedings{giantStep,
  title={{Explaining Counterexamples with Giant-Step Assertion Checking}},
  author={Becker, Benedikt and Louren{\c{c}}o, Cl{\'a}udio and March{\'e}, Claude},
  booktitle={6th Workshop on Formal Integrated Development Environments},
  year={2021},
  organization={Electronic Proceedings in Theoretical Computer Science}
}

@article{openjml,
  title={{Improved Usability and Performance of SMT Solvers for Debugging specifications}},
  author={Cok, David R},
  journal={International journal on software tools for technology transfer},
  volume={12},
  number={6},
  pages={467--481},
  year={2010},
  publisher={Springer}
}

@inproceedings{dafny,
  title={{Dafny: An Automatic Program Verifier for Functional Correctness}},
  author={Leino, K Rustan M},
  booktitle={International Conference on Logic for Programming Artificial Intelligence and Reasoning},
  pages={348--370},
  year={2010},
  organization={Springer}
}

@inproceedings{boogie,
  title={{Boogie: A Modular Reusable Verifier for Object-Oriented Programs}},
  author={Barnett, Mike and Chang, Bor-Yuh Evan and DeLine, Robert and Jacobs, Bart and Leino, K Rustan M},
  booktitle={International Symposium on Formal Methods for Components and Objects},
  pages={364--387},
  year={2005},
  organization={Springer}
}

@inproceedings{z3,
  title={{Z3: An efficient SMT solver}},
  author={de Moura, Leonardo and Bj{\o}rner, Nikolaj},
  booktitle={International conference on Tools and Algorithms for the Construction and Analysis of Systems},
  pages={337--340},
  year={2008},
  organization={Springer}
}

@inproceedings{cook,
  title={{Formal Reasoning About the Security of Amazon Web Services}},
  author={Cook, Byron},
  booktitle={International Conference on Computer Aided Verification},
  pages={38--47},
  year={2018},
  organization={Springer}
}

@misc{dafnyRepo,
  key={dafny},
  title={Dafny},
  year={2021},
  url={https://github.com/dafny-lang/dafny},
}

@misc{boogieRepo,
  key={boogie},
  title={Boogie},
  year={2021},
  url={https://github.com/boogie-org/boogie},
}

@misc{z3Repo,
  key={z3},
  title={Z3},
  year={2021},
  url={https://github.com/Z3Prover/z3},
}
\end{comment}